@book{esl,
  title={The Elements of Statistical Learning: Data Mining, Inference, and Prediction, 2ed},
  author={Hastie, Trevor and Tibshirani, Robert and Friedman, Jerome},
  year={2009},
  publisher={Springer Science \& Business Media}
}

@article{bartlett2020benign,
  title={Benign Overfitting in Linear Regression},
  author={Bartlett, Peter L and Long, Philip M and Lugosi, G{\'a}bor and Tsigler, Alexander},
  journal={arXiv e-prints},
  pages={1906.11300},
  year={2019}
}

@article{hastie2019surprises,
  title={Surprises in high-dimensional ridgeless least squares interpolation},
  author={Hastie, Trevor and Montanari, Andrea and Rosset, Saharon and Tibshirani, Ryan J},
  journal={arXiv e-prints},
  pages={1903.08560},
  year={2019}
}

@article{products,
      title={Data Analysis Recipes: Products of multivariate Gaussians in Bayesian inferences}, 
      author={David W. Hogg and Adrian M. Price-Whelan and Boris Leistedt},
      year={2020},
      journal={arXiv e-prints},
      pages={2005.14199},
      archivePrefix={arXiv},
      primaryClass={stat.CO}
}

@article{xie2020weighted,
  title={Weighted optimization: better generalization by smoother interpolation},
  author={Xie, Yuege and Ward, Rachel and Rauhut, Holger and Chou, Hung-Hsu},
  journal={arXiv preprint arXiv:2006.08495},
  year={2020}
}

@article{rahimi2007random,
  title={Random features for large-scale kernel machines},
  author={Rahimi, Ali and Recht, Benjamin},
  journal={Advances in neural information processing systems},
  volume={20},
  pages={1177--1184},
  year={2007}
}

@article{belkin2019reconciling,
  title={Reconciling modern machine-learning practice and the classical bias--variance trade-off},
  author={Belkin, Mikhail and Hsu, Daniel and Ma, Siyuan and Mandal, Soumik},
  journal={Proceedings of the National Academy of Sciences},
  volume={116},
  number={32},
  pages={15849--15854},
  year={2019},
  publisher={National Acad Sciences}
}

@article{mei2019generalization,
  title={The generalization error of random features regression: Precise asymptotics and double descent curve},
  author={Mei, Song and Montanari, Andrea},
  journal={arXiv preprint arXiv:1908.05355},
  year={2019}
}